1850 2917
297 134 358 185 10
651 135 1060 188 LUCRETIUS.
1094 138 1141 187 1.
1170 140 1283 187 318.

292 260 438 328 Signa
455 282 624 315 manus
643 266 828 315 deiru-as
847 268 1106 316 obtendunt
1128 268 1367 316 adtenuari
1540 266 1641 313 318

292 331 426 393 Saepe
446 332 731 379 salutantum
753 340 895 392 tactu,
917 342 1177 396 praeterque
1201 342 1457 381 meantum.

292 393 412 442 Hoec
431 395 573 457 igitur
595 396 760 455 minui,
783 412 927 460 quom
950 398 1043 444 sint
1062 397 1245 455 detrita,
1268 396 1509 450 videtnus3
1534 395 1637 441 320

239 462 262 511 “,
292 458 401 517 Sed,
425 475 532 522 quae
551 474 740 524 corpora
759 461 980 509 decedant
998 462 1048 508 in
1070 470 1274 525 tempore
1298 474 1501 525 quoque,

295 520 461 570 Invida
479 525 711 588 praeclusit
731 525 927 588 speciem
949 534 1115 573 natura
1130 525 1329 574 videndi.

358 588 614 647 Postremo,
637 603 981 653 quaequomque
998 590 1095 638 dies
1115 598 1372 653 naturaque
1390 590 1529 637 rebus

294 652 547 702 Paullatim
569 654 749 713 tribuit,
771 654 1045 701 moderatim
1067 670 1262 703 crescere
1282 668 1465 717 cogens,

292 716 444 764 Nulla
462 726 612 781 potest
631 718 872 766 oculorum
892 718 1011 767 acies
1034 728 1247 767 contenta
1266 719 1415 775 tueri;
1532 718 1634 765 325

293 780 396 829 Nec
415 797 552 845 porro
571 797 914 847 quaequomque
934 798 1032 831 oevo
1051 784 1289 847 macieque
1309 790 1549 831 senescunt
1564 799 1579 829 ε

291 844 412 905 Nec,
435 860 564 894 mare
584 862 690 910 quae
709 848 978 911 inpendent,
1000 862 1133 896 vesco
1154 848 1249 896 sale
1268 862 1380 896 saxa
1398 862 1559 911 peresa

292 908 424 967 Quid
445 926 632 975 quoque
651 912 866 960 amittant
886 912 939 960 in
959 920 1179 975 tempore,
1202 926 1385 961 eernere
1404 910 1567 976 possis.

291 972 574 1039 Corporibus
595 976 724 1025 eaecis
743 976 886 1039 igitur
905 986 1072 1027 natura
1086 978 1203 1040 gerit
1223 992 1309 1025 res.

357 1039 460 1087 Nec
481 1052 637 1089 tamen
658 1041 866 1105 undique
885 1042 1103 1105 corporea
1117 1042 1284 1105 stipata
1298 1049 1513 1089 tenentur
1533 1040 1639 1088 330

293 1102 472 1151 Omnia
491 1105 688 1162 naturag
723 1119 927 1169 namque
944 1114 1012 1154 est
1030 1106 1081 1153 in
1097 1108 1233 1154 rebus
1254 1106 1392 1154 inane
1406 1122 1421 1153 ε

290 1166 437 1226 Quod
458 1168 542 1216 tibi
563 1184 778 1232 cognosse
796 1170 848 1218 in
868 1170 1031 1219 multis
1050 1171 1137 1219 erit
1156 1171 1271 1219 utile
1291 1173 1461 1227 rebus3

292 1232 397 1281 Nec
417 1232 536 1281 sinet
555 1247 782 1281 errant-
803 1234 1031 1294 dubitare,
1054 1244 1101 1283 et
1120 1250 1323 1299 quaerere
1343 1250 1523 1299 semper

291 1295 371 1344 De
391 1298 576 1345 summa
596 1313 770 1357 rerum,
791 1307 838 1346 et
857 1300 1023 1348 nostris
1044 1300 1249 1348 diffidere
1264 1300 1410 1348 dictis.

294 1359 615 1425 [Quapropter
633 1364 762 1411 locus
783 1372 851 1411 est
870 1364 1070 1413 intactus
1088 1365 1241 1425 inane,
1264 1366 1563 1431 vacansque-1

292 1425 453 1485 Quod,
472 1426 510 1473 si
531 1442 626 1475 non
645 1436 776 1487 esset,
797 1429 932 1477 nulla
951 1430 1127 1477 ratione
1146 1429 1321 1477 moveri
1531 1430 1631 1477 336

293 1490 390 1537 Res
401 1501 583 1554 possent
598 1509 614 1549 ς
649 1507 869 1556 namque,
883 1494 1103 1541 obficium
1116 1494 1240 1558 quod
1253 1492 1451 1557 eorporis
1464 1501 1634 1554 exstat,

293 1553 508 1603 Obficere
527 1565 666 1621 atque
687 1560 882 1617 obstare,
903 1558 955 1605 id
975 1559 1025 1605 in
1048 1560 1176 1607 omni
1196 1566 1403 1623 tempore
1423 1558 1601 1606 adesset

291 1618 557 1668 Omnibus:
591 1621 720 1669 haud
738 1622 881 1685 igitur
897 1623 1155 1686 quidquam
1174 1624 1417 1686 procedere
1432 1630 1633 1687 possent,

293 1684 582 1748 Principium
603 1686 824 1749 quoniam
845 1688 1037 1735 cedendi
1057 1688 1188 1735 nulla
1206 1687 1335 1736 daret
1353 1703 1439 1735 res.
1533 1688 1635 1735 340

290 1750 364 1795 At
384 1764 509 1797 nunc
529 1766 612 1814 per
632 1751 795 1809 maria,
818 1767 872 1799 ac
891 1759 1051 1811 terras,
1074 1752 1367 1815 sublimaque
1384 1752 1503 1811 ooeli,

291 1812 452 1860 Multa
471 1814 621 1863 modis
641 1816 802 1865 multis
823 1816 951 1864 varia
970 1816 1145 1865 ratione
1158 1817 1334 1865 moveri

292 1877 538 1928 Cernimus
558 1888 665 1927 ante
686 1880 842 1928 oculos
857 1898 871 1927 ε
907 1896 1030 1944 quae,
1053 1881 1094 1929 si
1114 1896 1208 1929 non
1226 1889 1341 1929 esset
1358 1881 1515 1941 inane,

293 1942 346 1989 N
345 1957 406 1989 on
427 1952 525 1992 tam
547 1944 722 1993 solicito
743 1954 874 1993 motu
893 1945 1074 2009 privata
1088 1954 1309 2005 carerent,

292 2004 454 2064 Quam
475 2009 631 2071 genita
661 2009 851 2057 omnino
871 2010 1005 2057 num
1020 2010 1197 2059 ‘ratione
1220 2010 1413 2058 fuissent
1426 2028 1441 2058 ε
1536 2011 1633 2059 345

293 2070 516 2135 Undique
537 2074 748 2121 materies
769 2075 993 2137 quoniam
1014 2075 1182 2138 stipata
1202 2075 1417 2139 quiesset.

357 2135 605 2196 Praeterea,
629 2138 842 2201 quamvis
863 2138 1023 2187 solidae
1042 2156 1113 2187 res
1128 2148 1229 2187 'esse
1248 2147 1487 2203 putentur,

291 2198 424 2248 Hinc
445 2210 600 2249 tamen
622 2218 718 2249 esse
735 2202 842 2250 lieet
856 2218 961 2251 raro
982 2219 1089 2251 cum
1111 2218 1296 2268 eor-pore
1314 2218 1489 2253 cernas.

291 2264 352 2312 In
373 2266 512 2325 saxis,
535 2282 590 2315 ac
604 2267 849 2330 speluncis,
871 2277 1113 2331 permanat
1128 2283 1357 2331 aquarum

290 2329 522 2392 Liquidus
537 2331 723 2391 humor,
744 2340 793 2379 vet:
807 2332 1025 2381 uberibus
1036 2333 1149 2381 flent
1160 2333 1317 2380 omnia
1330 2332 1474 2395 guttis
1488 2350 1503 2380 ε
1528 2334 1627 2383 350

289 2393 518 2457 Dissupat
536 2396 587 2442 iu
607 2410 772 2459 corpus
792 2412 888 2444 sese
907 2398 1037 2445 cibus
1057 2412 1195 2444 omne
1214 2398 1505 2445 animantum
1524 2414 1538 2443 ι

291 2458 514 2505 Crescunt
533 2462 736 2517 arbusta,
761 2468 808 2508 et
827 2460 949 2508 fetus
968 2462 1018 2507 in
1038 2469 1250 2524 tempore
1264 2461 1497 2509 fundunt:

290 2518 434 2578 Quod
456 2522 584 2569 cibus
605 2523 654 2569 in
676 2532 812 2582 totas,
835 2541 983 2587 usque
1004 2527 1064 2571 ab
1084 2526 1312 2572 radicibus
1332 2525 1457 2584 imis,

289 2584 382 2631 Per
403 2593 587 2634 truncos
607 2602 662 2634 ac
681 2603 764 2651 per
785 2603 939 2636 ramos
959 2588 1235 2636 diffunditur
1256 2588 1460 2637 omneisz

291 2648 423 2696 Inter
443 2658 586 2712 saepta
605 2660 762 2700 meant
781 2668 933 2713 voces,
964 2661 1012 2701 et
1030 2653 1161 2701 elusa
1176 2653 1422 2701 domorum
1534 2655 1633 2702 355
