1850 2917
301 142 396 190 ms
635 133 1049 194 nucnn‘rms.
1082 126 1175 186 vr.
1209 134 1323 191 427.

303 271 366 319 In
385 283 514 318 mare
532 267 592 316 de
611 267 725 316 coelo
743 265 1053 322 descendantz
1076 264 1554 330 quamfretaeircum
1570 264 1675 318 427

303 335 602 390 Fer-vescant,
625 331 824 395 graviter
844 331 1127 394 spirantibus
1147 331 1290 378 incita
1308 329 1470 377 flabris
1488 346 1511 378 a

305 399 387 455 Et,
411 410 754 460 quaequomque
773 396 824 444 in
843 411 899 442 eo
918 404 1024 443 tum
1046 403 1156 443 sunt
1181 395 1409 458 deprensa
1427 393 1670 452 tumultu,

306 461 509 525 Navigia
528 461 580 508 in
600 475 842 508 summum
862 460 1057 508 veniunt
1077 468 1245 508 vexate
1264 459 1510 522 periclum.
1563 459 1672 506 430

307 529 417 576 Hoc
437 527 508 585 fit,
530 527 616 574 ubi
633 525 868 572 interdum
887 539 983 572 non
1004 524 1110 587 quit
1130 525 1201 572 vis
1220 524 1361 570 incita
1380 523 1508 569 venti

311 594 568 655 Rumpere,
592 604 734 654 quam
755 589 894 652 cepit,
917 591 1127 644 nubem;
1162 589 1243 636 sed
1266 587 1502 650 deprimit,
1524 595 1585 634 ut
1607 586 1671 634 sit

311 657 375 704 In
395 672 524 704 mare
542 655 601 702 de
621 654 733 702 coelo
753 662 995 716 tamquam
1010 653 1210 700 demissa
1229 654 1445 700 columna

312 720 566 769 Paullatim
583 737 599 775 ς
635 718 766 782 quasi
781 717 896 782 quid
909 732 1071 781 pugno
1085 717 1353 781 brachiique
1368 730 1573 779 superne

315 785 540 846 conjectu
561 783 790 840 trudatur,
815 791 861 830 et
881 782 1156 830 extendatur
1175 782 1226 829 in
1240 781 1389 830 undas
1402 797 1419 828 ε
1569 781 1667 827 435

315 850 476 907 Quam
497 863 642 910 quom
657 846 856 904 discidit,
871 845 983 894 hinc
996 846 1314 910 prorumpitur
1328 846 1379 892 in
1393 860 1524 892 mare
1540 844 1672 893 venti

313 914 422 972 Vis,
441 922 488 960 et
507 911 728 960 fervorem
749 911 924 958 mirum
938 910 1183 958 condnnat
1197 911 1247 958 in
1263 909 1415 958 undis.

315 975 652 1025 versabundus
673 975 798 1023 enim
820 977 957 1024 turbo
977 974 1226 1034 descendit,
1250 983 1297 1022 et
1314 974 1450 1021 illam

317 1042 522 1090 Deducit
541 1040 710 1104 pariter
729 1040 856 1086 lento
877 1055 987 1088 cum
1008 1053 1195 1101 corpore
1214 1039 1387 1086 nubem
1402 1055 1419 1084 ε

318 1107 480 1165 Quam
497 1105 642 1154 simul
662 1119 716 1152 ac
735 1103 975 1166 gravidam
1001 1101 1207 1151 detrudit
1226 1103 1287 1150 ad
1306 1117 1496 1166 aequora
1514 1103 1669 1166 ponti,

319 1171 412 1220 Ille
433 1171 483 1217 in
503 1185 673 1232 aquam
696 1169 850 1216 subito
870 1176 1025 1216 totum
1038 1183 1087 1214 se
1102 1167 1313 1227 inmittit,
1330 1177 1378 1214 et
1395 1181 1541 1214 omne
1574 1168 1671 1214 441

319 1235 510 1283 Excitat
529 1233 707 1296 ingenti
729 1233 882 1280 sonitu
901 1248 1049 1292 mare,
1070 1231 1244 1280 fervere
1264 1246 1446 1293 cogens.

388 1299 468 1346 Fit
488 1313 690 1362 quoque,
713 1305 769 1344 ut
789 1297 995 1344 involvat
1014 1296 1141 1345 venti
1158 1312 1208 1344 se
1227 1296 1431 1344 nubibus
1452 1295 1555 1360 ipse

323 1363 520 1421 vortex,
543 1361 794 1410 conradens
815 1377 874 1409 ex
894 1363 1001 1410 aete
1020 1361 1198 1410 semina
1216 1361 1385 1417 nubis3

321 1427 390 1477 Et
411 1427 546 1491 quasi
565 1426 819 1474 demissum
835 1426 948 1474 coelo
968 1433 1169 1490 prestera
1188 1425 1410 1474 imitetur.
1580 1421 1675 1472 445

326 1493 466 1550 Heio,
483 1493 566 1540 ubi
587 1507 637 1540 se
657 1491 707 1538 in
727 1499 870 1538 terras
889 1490 1074 1538 demisit
1093 1490 1411 1554 diswluitque,

327 1557 552 1606 Turbinis
572 1555 809 1604 inmanem
829 1555 928 1603 vim
946 1554 1197 1618 provomit,
1218 1563 1359 1618 atque
1372 1555 1614 1618 procellat.

326 1621 437 1678 Sed,
459 1622 572 1685 quia
591 1620 646 1668 fit
664 1635 767 1668 raro
787 1619 997 1678 omnino,
1016 1619 1305 1682 monteisque
1324 1634 1510 1668 necesse
1528 1628 1602 1666 est

327 1686 542 1742 Obiicere
561 1685 610 1732 in
633 1684 764 1732 terris
782 1700 797 1740 ς
833 1683 1025 1746 adparet
1045 1683 1247 1732 crebrius
1267 1683 1394 1730 idem

327 1750 578 1813 Prospectu
597 1749 738 1796 maris
757 1749 808 1795 in
827 1763 1020 1810 magno,
1036 1748 1241 1812 coeloque
1260 1747 1453 1811 patenti.
1582 1748 1677 1794 45⁰

393 1814 574 1862 Nubila
593 1821 900 1871 concrescunt,
918 1812 1003 1859 ubi
1022 1828 1211 1876 corpora
1230 1813 1381 1860 multa
1395 1811 1614 1872 volando,

329 1878 437 1927 Hoc
458 1893 596 1942 super
615 1877 665 1924 in
681 1878 782 1926 coeli
804 1875 971 1940 spatio,
995 1877 1142 1924 coiere
1162 1885 1349 1941 repente

327 1943 609 2018 Asperiora3
643 1941 793 1990 modis
813 1957 920 2004 quae
939 1941 1117 2004 possint
1129 1940 1401 2004 indupedita

326 2007 530 2070 Enguis
545 2015 702 2054 tamen
723 2007 843 2054 inter
861 2021 912 2054 se
934 2021 1177 2069 conpressa
1191 2006 1351 2054 teneri.

329 2072 450 2119 Haec
469 2069 644 2120 faciunt
658 2071 864 2134 primum
885 2086 1052 2134 parvas
1072 2071 1316 2118 consistere
1336 2069 1503 2119 nubeis
1514 2087 1529 2118 ι
1582 2070 1675 2118 455

330 2133 451 2184 Inde
471 2151 525 2184 ea
545 2136 863 2198 conprendunt
880 2135 1002 2182 inter
1016 2149 1081 2194 se,
1099 2149 1277 2198 conque
1294 2144 1565 2198 gregantur,

329 2199 399 2248 Et
418 2199 750 2262 conjungundo
769 2207 995 2257 crescunt,
1018 2199 1257 2262 ventisque
1272 2199 1487 2248 feruntur

332 2265 496 2326 Usque
517 2264 648 2322 adeo,
671 2263 816 2312 donec
836 2271 1084 2327 tempestas
1108 2279 1229 2312 saeva
1248 2272 1403 2311 coorta
1425 2271 1508 2312 cst.

397 2328 492 2385 Fit,
515 2342 717 2390 quoque,
740 2327 837 2374 utei
857 2327 1029 2374 montis
1048 2327 1200 2374 vicina
1220 2329 1461 2376 cacumina
1482 2326 1597 2375 coelo

331 2389 492 2445 Quam
515 2389 608 2436 sint
629 2391 830 2452 quoique
850 2391 1018 2452 magis,
1036 2399 1166 2439 tanto
1186 2392 1337 2454 magis
1358 2391 1481 2440 edita
1500 2392 1683 2440 fumuit

330 2449 544 2498 Adsidue
563 2452 705 2498 sulvae
724 2454 863 2501 nubis
885 2455 1079 2516 caligine
1094 2455 1279 2503 erass'aiz
1584 2455 1674 2503 461

329 2511 594 2583 Propterea,
618 2516 742 2576 quia,
767 2532 910 2578 quom
933 2518 1192 2566 consistunt
1214 2520 1377 2568 nubila
1397 2520 1627 2584 primum,

325 2573 464 2630 *nte*
481 2574 632 2622 videre
652 2579 801 2626 oculei
854 2596 967 2628 uam
986 2583 1163 2644 possint
1184 2585 1358 2646 tenuia,
1380 2585 1535 2632 ventei

333 2635 575 2682 Portant&
598 2648 768 2698 cogunt
869 2659 1057 2694 summa
1076 2648 1319 2696 cacumina
1338 2647 1530 2696 montis·

703 2753 710 2762 ο
