1850 2917
513 153 924 204 LUCRETIUS.
960 154 1051 204 vl.
1087 154 1200 203 243.
1442 155 1529 203 181

169 282 470 332 Exanimare
489 284 717 343 homines,
739 284 939 367 pecudes
946 292 1111 396 fproste
1112 299 1242 333 rnere
1262 284 1465 348 passim·

172 348 366 397 Caeoera
383 348 442 397 de
462 363 628 412 genere
647 349 736 397 hoc
757 349 852 412 qua
872 349 920 397 vi
967 364 1093 397 acere
1112 351 1270 397 omnia
1288 358 1501 413 possunt,

175 412 470 477 Expediam,
491 428 644 476 neque
664 421 710 461 te
729 413 778 460 in
800 414 1037 476 promissis
1056 416 1193 477 plura
1206 417 1436 463 morabor.

253 478 480 525 Fulmina
499 477 629 541 gigni
644 477 703 525 de
717 478 893 537 crassis,
911 479 1111 541 alteque,
1134 479 1396 542 putandum
1416 488 1503 535 est,

184 542 416 591 Nubibus
436 543 705 591 exstructis·
741 557 854 590 nam
874 544 987 591 coelo
1007 544 1138 591 nulla
1159 558 1334 602 sereno,
1438 545 1534 598 247

185 608 240 655 N
243 623 298 655 ec
316 607 476 655 levioer
495 607 651 655 densis
671 607 923 655 mittuntur
944 608 1147 655 nubibus
1168 623 1411 671 umquam.

187 672 326 719 Nam
347 671 492 719 dubio
510 672 674 735 procul
693 672 781 720 hoc
801 672 902 719 fieri
919 673 1166 720 manifesta
1186 672 1317 721 docet
1336 688 1407 720 res
1425 689 1442 729 ς

187 736 337 791 Quod
359 746 470 784 tunc
489 751 572 799 per
591 744 744 784 totum
760 746 1055 785 concrescunt
1074 741 1181 785 aista
1201 740 1349 785 nubes
1446 738 1543 785 250

183 801 433 864 Undique,
455 800 554 847 utei
573 803 784 849 tenebras
804 802 982 849 omneis
1001 801 1273 849 Acherunta
1292 817 1478 851 reamur

184 865 424 928 Liquisse,
447 873 493 913 et
512 879 706 929 magnas
721 865 823 915 coeli
839 867 1073 929 conplesse
1086 882 1327 915 cavernas·

188 931 358 993 Usque
379 930 511 988 adeo,
536 928 653 977 tetra
673 930 941 978 nimborum
962 938 1093 979 nocte
1112 931 1285 992 coorta,

191 990 462 1058 Inpenden!
480 1003 592 1041 atrae
611 994 893 1043 Formidinis
913 1010 995 1043 ora
1016 1010 1226 1059 superne,

192 1060 360 1119 Quom
382 1059 622 1106 conmoliri
636 1068 882 1135 tmpestas
901 1059 1103 1107 fialmina
1122 1068 1301 1124 coeptat.
1450 1062 1547 1107 255

264 1124 510 1191 Praeterea,
532 1140 736 1189 persaepe
749 1126 880 1189 niger
896 1139 1083 1188 quoque
1098 1140 1185 1199 per
1198 1140 1326 1173 mare
1342 1122 1547 1183 nimbus,

194 1190 272 1237 Ut
291 1188 406 1251 picis
427 1204 453 1237 e
473 1180 586 1236 coelo
605 1188 858 1237 demissum
879 1188 1110 1251 flumen,
1095 1204 1145 1235 ιιι
1162 1190 1309 1237 undas

197 1254 280 1302 Sic
300 1252 437 1313 eadit,
464 1263 511 1301 et
530 1253 678 1301 fertur
697 1254 896 1302 tenebris
917 1256 1113 1317 procul·
1149 1262 1195 1302 et
1220 1255 1361 1303 trahit
1381 1263 1547 1313 atram,

197 1317 502 1366 Fulminibus
523 1318 779 1381 gravidam,
801 1327 1140 1393 tempestatem,
1156 1328 1297 1383 atque
1312 1320 1550 1383 procellis·

202 1382 420 1463 Ignibus,
445 1397 499 1429 ac
519 1382 685 1442 ventis,
703 1398 812 1429 cum
833 1384 997 1446 primis
1017 1383 1115 1446 ipse
1135 1384 1361 1459 repletus-z
1452 1385 1549 1430 260

205 1448 270 1495 In
291 1446 413 1493 terra
433 1461 618 1511 quoque
637 1455 694 1494 ut.
712 1446 993 1506 horrescant,
1016 1462 1069 1495 ac
1083 1458 1203 1495 tecta
1222 1450 1469 1511 requirant.
1556 1476 1563 1481 -

205 1512 286 1561 sic
301 1511 444 1573 igitur
463 1526 630 1575 supera
649 1520 860 1559 nostrum
881 1520 1021 1575 caput
1040 1526 1137 1559 esse
1155 1512 1416 1575 putandum
1438 1521 1507 1559 est

204 1576 554 1639 Tempestatem
577 1578 751 1623 altam·
785 1590 939 1639 neque
968 1576 1091 1623 enim
1114 1578 1309 1639 caligine
1330 1576 1461 1624 tanta

206 1641 476 1688 obruerent
496 1649 656 1700 terraS,
679 1640 770 1688 nisi
789 1640 1064 1691 inaedificata
1086 1656 1281 1703 superne

207 1705 370 1753 Multa
391 1704 541 1753 forent
559 1704 722 1753 multis
743 1713 961 1767 exempto
980 1705 1142 1752 nubila
1162 1706 1283 1753 εοῙε·
1460 1705 1559 1751 265

167 1822 178 1833 ‚
207 1770 262 1817 N
265 1785 315 1817 ec
336 1777 464 1817 tanto
484 1778 668 1833 possent
689 1769 924 1817 venientes
946 1770 1201 1833 obprimere
1222 1770 1378 1830 imbri,

209 1833 436 1881 Flumina
455 1834 692 1881 abundare
711 1844 766 1881 ut
785 1832 1002 1891 facerent,
1018 1848 1303 1908 camposque
1317 1844 1492 1894 natare,

214 1899 268 1948 Si
287 1912 382 1945 non
403 1899 645 1946 exstmctis
665 1898 784 1945 foret
803 1898 896 1945 alte
916 1898 1120 1946 nubibus
1136 1899 1291 1946 aether.

282 1962 404 2010 Heio
422 1962 566 2027 igitur
585 1962 750 2020 ventis,
772 1970 914 2026 atque
929 1962 1131 2025 ignibus,
1154 1964 1311 2011 omnia
1329 1964 1469 2027 plena

217 2029 370 2076 Sunt·
406 2027 510 2074 ideo
528 2027 700 2090 passim
719 2026 950 2086 fremitus,
974 2036 1021 2074 et
1038 2027 1243 2091 fulgura,
1265 2028 1400 2075 fiunt.
1468 2028 1565 2083 270

211 2092 410 2166 Quippe
431 2100 477 2138 et
497 2092 622 2139 enim
644 2106 812 2155 supera
827 2090 981 2147 docui,
1003 2092 1238 2155 permulta
1257 2092 1437 2155 vaporis

219 2156 408 2205 Semina
426 2155 600 2204 habere
615 2170 749 2204 cavas
767 2155 967 2212 nubsit-13
1003 2164 1049 2204 et
1062 2157 1214 2204 multa
1233 2172 1412 2205 necesse
1431 2164 1503 2203 est

223 2220 476 2295 Concipere
498 2236 558 2267 ex
579 2221 686 2268 solis
706 2220 864 2280 radiis,
887 2189 1140 2295 ardoreque
1160 2236 1337 2269 eorum.

227 2286 363 2345 Heic,
387 2284 470 2332 ubi
491 2292 671 2343 ventus,
695 2298 772 2332 eas
792 2284 916 2331 idem
939 2285 1029 2361 qui·
1042 2286 1163 2347 cogit
1182 2285 1231 2332 in
1252 2300 1401 2332 unum

226 2350 365 2398 Forte
383 2348 540 2396 locum
558 2364 701 2413 quem
722 2349 809 2408 vis,
832 2350 1055 2412 expressit
1074 2350 1225 2397 muita
1244 2350 1425 2425 vaporis
1475 2351 1573 2407 275

229 2414 434 2473 Semina,
457 2429 597 2477 seque
617 2412 759 2461 simul
779 2428 889 2461 curn
911 2428 965 2461 eo
986 2413 1257 2461 conmiscuit
1274 2414 1413 2477 igni,

228 2478 498 2527 Insinuatus
520 2478 614 2527 ibei
634 2486 794 2526 vortex
814 2486 1023 2525 versatur
1042 2478 1091 2524 in
1110 2477 1223 2537 alto,

229 2542 297 2591 Et
317 2542 476 2591 calidis
497 2544 622 2591 acuit
640 2542 819 2591 fulmen
841 2541 1105 2589 fornacibus
1124 2541 1267 2589 intus.

233 2608 363 2656 Nam
385 2606 450 2654 du
449 2608 560 2671 plici
581 2607 756 2655 ratione
777 2606 1083 2655 adcenditur:
1118 2606 1217 2681 ipse
1237 2607 1321 2655 sua
1343 2624 1451 2657 cum

234 2624 500 2721 Mobilitaoe
511 2672 716 2737 calescit,
740 2680 786 2720 et
807 2688 834 2719 e
853 2671 1125 2734 contagibus
1146 2670 1283 2733 ignis.
1484 2674 1581 2719 280
